<?xml version="1.0" encoding="UTF-8"?><collection xmlns="http://www.loc.gov/MARC21/slim"><record><leader>00431nam--2200157-i-4500</leader><controlfield tag="001">000003307</controlfield><controlfield tag="002">20161230</controlfield><controlfield tag="005">20161230201025</controlfield><controlfield tag="008">060222s1000------------r-----000-0-eng-d</controlfield><datafield ind1=" " ind2=" " tag="040"><subfield code="a">IFIN-HH</subfield></datafield><datafield ind1=" " ind2=" " tag="100"><subfield code="a">Desfretiere, A</subfield></datafield><datafield ind1=" " ind2=" " tag="245"><subfield code="a">Manuel de calcul pratique numerique et graphique. calcul numerique</subfield></datafield><datafield ind1=" " ind2=" " tag="260"><subfield code="a">Paris, Masson, 1956</subfield></datafield><datafield ind1=" " ind2=" " tag="490"><subfield code="a">146 p +XIIP +VII</subfield><subfield code="v">vol.1</subfield></datafield><datafield ind1=" " ind2=" " tag="852"><subfield code="a">12995</subfield><subfield code="c">518.12</subfield></datafield><datafield ind1=" " ind2=" " tag="CAT"><subfield code="a">Sys</subfield><subfield code="c">20090618</subfield><subfield code="h">112317</subfield></datafield></record></collection>